%% LaTeX2e file `bachelor-thesis.bib'
%% generated by the `filecontents' environment
%% from source `bachelor-thesis' on 2020/05/10.
%%
@online{ doerr-doerr-lambda-lambda-self-adjustment-arxiv,
    year        = {2020},
    title       = {Optimal Parameter Choices Through Self-Adjustment: Applying the 1/5-th Rule in
                   Discrete Settings},
    author      = {Benjamin Doerr and Carola Doerr},
    url         = {http://arxiv.org/abs/1504.03212},
    year        = {2015},
    langid      = {english}
}

% @inproceedings{ example-english,
%     year        = {2015},
%     booktitle   = {Proceedings of IEEE Congress on Evolutionary Computation},
%     author      = {Maxim Buzdalov and Anatoly Shalyto},
%     title       = {Hard Test Generation for Augmenting Path Maximum Flow
%                    Algorithms using Genetic Algorithms: Revisited},
%     pages       = {2121-2128},
%     langid      = {english}
% }

@article{ example-russian,
    author      = {Тельнов Сергей Андреевич},
    title       = {Моделирование ставок в аукционе},
    number      = {2(72)},
    year        = {2011},
    pages       = {72-77},
    langid      = {russian}
}

% @article{ unrestricted-jump-evco,
%     author      = {Maxim Buzdalov and Benjamin Doerr and Mikhail Kever},
%     title       = {The Unrestricted Black-Box Complexity of Jump Functions},
%     journal     = {Evolutionary Computation},
%     year        = {2016},
%     note        = {Accepted for publication},
%     langid      = {english}
% }

% @book{ bellman,
%     author      = {R. E. Bellman},
%     title       = {Dynamic Programming},
%     address     = {Princeton, NJ},
%     publisher   = {Princeton University Press},
%     numpages    = {342},
%     pagetotal   = {342},
%     year        = {1957},
%     langid      = {english}
% }
